<record><leader>00000cas a22000007a 4500</leader><controlfield tag="001">11655907</controlfield><controlfield tag="008">850204d19621972nyuwr ne      0    0eng d</controlfield><datafield ind1=" " ind2=" " tag="010"><subfield code="a">sn 85054092 </subfield></datafield><datafield ind1=" " ind2=" " tag="040"><subfield code="a">NYG</subfield><subfield code="b">eng</subfield><subfield code="c">NYG</subfield><subfield code="d">NPX</subfield><subfield code="d">NYS</subfield><subfield code="d">OCLCQ</subfield><subfield code="d">NYG</subfield><subfield code="d">OCLCF</subfield></datafield><datafield ind1="1" ind2=" " tag="029"><subfield code="a">AU@</subfield><subfield code="b">000020348770</subfield></datafield><datafield ind1=" " ind2=" " tag="042"><subfield code="a">msc</subfield></datafield><datafield ind1="0" ind2=" " tag="130"><subfield code="a">Cuba patriot (Cuba, N.Y. : 1962)</subfield></datafield><datafield ind1="1" ind2="4" tag="245"><subfield code="a">The Cuba patriot.</subfield></datafield><datafield ind1="1" ind2="3" tag="246"><subfield code="a">Cuba patriot and free press</subfield><subfield code="f">Oct. 28, 1964-Sept. 27, 1972</subfield></datafield><datafield ind1=" " ind2=" " tag="260"><subfield code="a">Cuba, N.Y. :</subfield><subfield code="b">John J. Crowley,</subfield><subfield code="c">1962-1972.</subfield></datafield><datafield ind1=" " ind2=" " tag="300"><subfield code="a">11 v. :</subfield><subfield code="b">ill.</subfield></datafield><datafield ind1=" " ind2=" " tag="310"><subfield code="a">Weekly</subfield></datafield><datafield ind1="0" ind2=" " tag="362"><subfield code="a">Vol. 99, no. 48 (Nov. 28, 1962)-v. 109, no. 39 (Sept. 27, 1972).</subfield></datafield><datafield ind1=" " ind2=" " tag="530"><subfield code="a">Available on microfilm from the Micro Photo Division of Bell &amp; Howell; Southern Tier Library System.</subfield></datafield><datafield ind1=" " ind2="0" tag="651"><subfield code="a">Cuba (N.Y.)</subfield><subfield code="v">Newspapers.</subfield></datafield><datafield ind1=" " ind2="0" tag="651"><subfield code="a">Allegany County (N.Y.)</subfield><subfield code="v">Newspapers.</subfield></datafield><datafield ind1=" " ind2="7" tag="655"><subfield code="a">Newspapers.</subfield><subfield code="2">fast</subfield><subfield code="0">(OCoLC)fst01423814</subfield></datafield><datafield ind1=" " ind2="7" tag="651"><subfield code="a">New York (State)</subfield><subfield code="z">Allegany County.</subfield><subfield code="2">fast</subfield><subfield code="0">(OCoLC)fst01221766</subfield></datafield><datafield ind1=" " ind2="7" tag="651"><subfield code="a">New York (State)</subfield><subfield code="z">Cuba.</subfield><subfield code="2">fast</subfield><subfield code="0">(OCoLC)fst01221668</subfield></datafield><datafield ind1=" " ind2=" " tag="752"><subfield code="a">United States</subfield><subfield code="b">New York</subfield><subfield code="c">Allegany</subfield><subfield code="d">Cuba.</subfield></datafield><datafield ind1="0" ind2="0" tag="780"><subfield code="t">Cuba patriot and free press (Cuba, N.Y. : 1920)</subfield><subfield code="w">(DLC)sn 90066078</subfield><subfield code="w">(OCoLC)21583974</subfield></datafield><datafield ind1="0" ind2="6" tag="785"><subfield code="t">Patriot and free press</subfield><subfield code="w">(DLC)sn 85054114</subfield><subfield code="w">(OCoLC)11616821</subfield></datafield><datafield ind1="0" ind2="6" tag="785"><subfield code="t">Patriot (Wellsville, N.Y.)</subfield><subfield code="w">(DLC)sn 84031424</subfield><subfield code="w">(OCoLC)11112020</subfield></datafield></record>